@book{learnyouahaskell,
    author="Miran Lipovača",
    title="Learn You a Haskell for Great Good!",
    month="April",
    year="2011",
    publisher="No Starch Press",
    ISBN="978-1-59327-283-8"
}

@book{realworldhaskell,
    author="Bryan O'Sullivan and Don Stewart and John Goerzen",
    title="Real World Haskell",
    month="December",
    year="2008",
    publisher="O'Reilly Media",
    ISBN="978-0-596-51498-3"
}

@book{concurrenthaskell,
    author="Simon Marlow",
    title="Parallel and Concurrent Programming in Haskell",
    month="July",
    year="2013",
    publisher="O'Reilly Media",
    ISBN="978-1-4493-3594-6"
}

@misc{aeson,
    howpublished="\url{https://github.com/bos/aeson}",
    author="Bryan O'Sullivan",
    title="Aeson, the most praised {Haskell} library for working with {JSON}"
}

@misc{asmNetworkingIssue,
    howpublished="\url{https://feedback.azure.com/forums/217313-networking/suggestions/5954992-make-virtual-network-operations-atomic-on-portal-a}",
    author="The Azure Team",
    title="One of the issues raised against the {ASM} {Networking} {API} calls"
}

@misc{listOfAzureSDKs,
    howpublished="\url{https://github.com/Azure?query=azure-sdk-for}",
    author="The Azure Team",
    title="List of open-source {Azure} client libraries"
}

@misc{niceAwsSdk,
    howpublished="\url{https://github.com/worksap-ate/aws-sdk}",
    author="Yusuke Nomura",
    title="Minimal {AWS} client library with great design"
}

@misc{distributedProcessAzure,
    howpublished="\url{https://github.com/haskell-distributed/distributed-process-azure}",
    author="The Distributed Haskell team",
    title="Minimal {ASM} client library used in {Cloud Haskell}"
}

@misc{azureApiSpecs,
    howpublished="\url{https://github.com/Azure/azure-rest-api-specs}",
    author="The Azure Team",
    title="Swagger {API} specification of the {Azure} {APIs}"
}

@misc{openApiInitiative,
    howpublished="\url{https://openapis.org}",
    author="The OpenAPI Initiative",
    title="Details about the {OpenAPI} Initiative"
}

@misc{swaggerSpecification,
    howpublished="\url{http://swagger.io/specification/}",
    author="The OpenAPI Initiative",
    title="Specification of the {Swagger} {API} Description Format"
}

@misc{azureAutoRest,
    howpublished="\url{https://github.com/Azure/autorest}",
    author="The Azure Team",
    title="The {Azure} {AutoRest} client library generation project"
}

@misc{pythonSDKIssue,
    howpublished="\url{https://github.com/Azure/azure-sdk-for-python/pull/543}",
    author="Nashwan Azhari",
    title="One of the many issues of the {AutoRest} generated {SDKs}"
}

@misc{packageGenericDeriving,
    howpublished="\url{https://github.com/dreixel/generic-deriving}",
    author="José Pedro Magalhães",
    title="The generic-deriving library project"
}

@misc{packageHTTPClient,
    howpublished="\url{https://github.com/snoyberg/http-client}",
    author="Michael Snoyman",
    title="The http-client library project"
}

@misc{haskzureHaddocks,
    howpublished="\url{https://github.com/aznashwan/haskzure/tree/master/docs/haddock}",
    author="Nashwan Azhari",
    title="Haskzure's generated Haddock"
}

@misc{haskzure,
    howpublished="\url{https://github.com/aznashwan/haskzure/}",
    author="Nashwan Azhari",
    title="Haskzure's project page"
}

@misc{pythonSDKVMModel,
    howpublished="\url{https://github.com/Azure/azure-sdk-for-python/blob/master/azure-mgmt-compute/azure/mgmt/compute/models/virtual_machine.py}",
    author="The Azure Team",
    title="Python {SDK} module defining the virtual machine model."
}

@misc{pythonSDKVMOps,
    howpublished="\url{https://github.com/Azure/azure-sdk-for-python/blob/master/azure-mgmt-compute/azure/mgmt/compute/operations/virtual_machines_operations.py}",
    author="The Azure Team",
    title="Python {SDK} module defining the virtual machine operations."
}
